@article{Martinelli2014,
author = {Martinelli, Agostino},
doi = {10.1007/s11263-013-0647-7},
file = {:home/jkaiser/Downloads/10.1007\_s11263-013-0647-7.pdf:pdf},
issn = {09205691},
journal = {International Journal of Computer Vision},
keywords = {Inertial sensors,Robotics,Sensor fusion,Structure from motion},
number = {2},
pages = {138--152},
title = {{Closed-form solution of visual-inertial structure from motion}},
volume = {106},
year = {2014}
}
@article{Martinelli2012,
author = {Martinelli, Agostino and Siegwart, Roland},
doi = {10.1007/978-0-85729-085-4\_52},
file = {:home/jkaiser/Downloads/05959226(3).pdf:pdf},
isbn = {978-0-85729-084-7},
journal = {Handbook of Intelligent Vehicles},
number = {1},
pages = {1335--1354},
title = {{Vision and IMU Data Fusion: Closed-Form Determination of the Absolute Scale, Speed, and Attitude}},
volume = {28},
year = {2012}
}